<record><leader>00000cas a22000007a 4500</leader><controlfield tag="001">20508444</controlfield><controlfield tag="008">891018d19671975ndudn ne      0    0eng d</controlfield><datafield ind1=" " ind2=" " tag="010"><subfield code="a">sn 89074336 </subfield></datafield><datafield ind1=" " ind2=" " tag="040"><subfield code="a">NOP</subfield><subfield code="b">eng</subfield><subfield code="c">NOP</subfield><subfield code="d">OCLCQ</subfield></datafield><datafield ind1=" " ind2=" " tag="042"><subfield code="a">msc</subfield></datafield><datafield ind1="0" ind2="0" tag="245"><subfield code="a">Morning pioneer.</subfield></datafield><datafield ind1="1" ind2="7" tag="246"><subfield code="a">Pioneer</subfield></datafield><datafield ind1="1" ind2="3" tag="246"><subfield code="a">Sunday morning pioneer</subfield></datafield><datafield ind1=" " ind2=" " tag="260"><subfield code="a">Mandan, N.D. :</subfield><subfield code="b">Pioneer, Inc.</subfield></datafield><datafield ind1=" " ind2=" " tag="310"><subfield code="a">Daily (except Monday),</subfield><subfield code="b">Ap. 30, 1968-1975</subfield></datafield><datafield ind1=" " ind2=" " tag="321"><subfield code="a">Daily (except Sunday),</subfield><subfield code="b">1967-Ap. 29, 1968</subfield></datafield><datafield ind1="0" ind2=" " tag="362"><subfield code="a">Vol. 52, no. 237 (Feb. 8, 1967)-</subfield></datafield><datafield ind1="1" ind2=" " tag="362"><subfield code="a">Ceased in Apr. 1975.</subfield></datafield><datafield ind1=" " ind2=" " tag="500"><subfield code="a">"Official Newspaper of Morton County and the city of Mandan", 1967-1968.</subfield></datafield><datafield ind1=" " ind2=" " tag="500"><subfield code="a">On Sundays published as: Sunday morning pioneer, April 1968-1970.</subfield></datafield><datafield ind1=" " ind2=" " tag="530"><subfield code="a">Available on microfilm from the State Historical Society of North Dakota.</subfield></datafield><datafield ind1=" " ind2=" " tag="752"><subfield code="a">United States</subfield><subfield code="b">North Dakota</subfield><subfield code="c">Morton</subfield><subfield code="d">Mandan.</subfield></datafield><datafield ind1="0" ind2="0" tag="780"><subfield code="t">Pioneer (Mandan, N.D.)</subfield><subfield code="w">(DLC)sn 89074335</subfield></datafield></record>